@inproceedings{mertz2012low,
  title={A low-power structured light sensor for outdoor scene reconstruction and dominant material identification},
  author={Mertz, Christoph and Koppal, Sanjeev J and Sia, Solomon and Narasimhan, Srinivasa},
  booktitle={Computer Vision and Pattern Recognition Workshops (CVPRW), 2012 IEEE Computer Society Conference on},
  pages={15--22},
  year={2012},
  organization={IEEE}
}

@inproceedings{moreno2012simple,
  title={Simple, accurate, and robust projector-camera calibration},
  author={Moreno, Daniel and Taubin, Gabriel},
  booktitle={3D Imaging, Modeling, Processing, Visualization and Transmission (3DIMPVT), 2012 Second International Conference on},
  pages={464--471},
  year={2012},
  organization={IEEE}
}

@inproceedings{aylward2016ultrasound,
  title={Ultrasound spectroscopy},
  author={Aylward, Stephen R and McCormick, Matthew and Kang, HJ and Razzaque, Sharif and Kwitt, Roland and Niethammer, Marc},
  booktitle={Biomedical Imaging (ISBI), 2016 IEEE 13th International Symposium on},
  pages={1013--1016},
  year={2016},
  organization={IEEE}
}

@inproceedings{gerber2017automatic,
  title={Automatic Estimation of the Optic Nerve Sheath Diameter from Ultrasound Images},
  author={Gerber, Samuel and Jallais, Maeliss and Greer, Hastings and McCormick, Matt and Montgomery, Sean and Freeman, Bradley and Kane, Deborah and Chittajallu, Deepak and Siekierski, Neal and Aylward, Stephen},
  booktitle={MICCAI Workshop},
  year={2017}
}